
@book{tse2005fundamentals,
  title={{Fundamentals of Wireless Communication}},
  author={Tse, D. and Viswanath, P.},
  isbn={9780521845274},
  lccn={2006272166},
  series={Wiley series in telecommunications},
  year={2005},
  publisher={Cambridge University Press}
}

@book{neely2010stochastic,
  title={{Stochastic network optimization with application to communication and queueing systems}},
  author={Neely, M.J.},
  series={Synthesis Lectures on Communication Networks},
  volume={3},
  number={1},
  pages={1--211},
  year={2010},
  publisher={Morgan \& Claypool Publishers}
}

@article{tran2012fast,
    author={Tran, L. N. and Hanif, M.F. and T{\"o}lli, A. and Juntti, M.},
    title={{Fast Converging Algorithm for Weighted Sum Rate Maximization in Multicell MISO Downlink}},
    journal={IEEE Signal Processing Letters},
    year={2012},
    volume={19},
    number={12},
    pages={872-875},
    doi={10.1109/LSP.2012.2223211},
    ISSN={1070-9908},
    publisher={IEEE}}

@conference{kaleva2012weighted,
  title={{Weighted sum rate maximization for interfering broadcast channel via successive convex approximation}},
  author={Kaleva, Jarkko and T{\"o}lli, Antti and Juntti, Markku},
  booktitle={IEEE Global Communications Conference (GLOBECOM)},
  pages={3838--3843},
  year={2012},
  publisher={IEEE}
}

@conference{kaleva2013primal,
  title={{Primal decomposition based decentralized weighted sum rate maximization with QoS constraints for interfering broadcast channel}},
  author={Kaleva, Jarkko and T{\"o}lli, Antti and Juntti, Markku},
  booktitle={IEEE 14th Workshop on Signal Processing Advances in Wireless Communications (SPAWC)},
  pages={16--20},
  year={2013},
  organization={IEEE}
}

@article{christensen2008weighted,
  title={{Weighted sum-rate maximization using weighted MMSE for MIMO-BC beamforming design}},
  author={Christensen, S{\o}ren Skovgaard and Agarwal, Rajiv and Carvalho, E and Cioffi, J},
  journal={IEEE Transactions on Wireless Communications},
  volume={7},
  number={12},
  pages={4792--4799},
  year={2008},
  publisher={IEEE}
}

@misc{grant2008cvx,
  author       = {Michael Grant and Stephen Boyd},
  title        = {{CVX}: Matlab Software for Disciplined Convex Programming, version 2.0 beta},
  howpublished = {\url{http://cvxr.com/cvx}},
  month        = sep,
  year         = 2013
}

@article{uldlduality,
author={Viswanath, P. and Tse, D.N.C.},
journal={IEEE Transactions on Information Theory},
title={{Sum capacity of the vector Gaussian broadcast channel and uplink-downlink duality}},
year={2003},
volume={49},
number={8},
pages={1912-1921},
doi={10.1109/TIT.2003.814483},
ISSN={0018-9448},
publisher={IEEE}}

@article{jindal2004duality,
  title={{On the duality of Gaussian multiple-access and broadcast channels}},
  author={Jindal, Nihar and Vishwanath, Sriram and Goldsmith, Andrea},
  journal={IEEE Transactions on Information Theory},
  volume={50},
  number={5},
  pages={768--783},
  year={2004},
  publisher={IEEE}
}

@book{boyd2004convex,
  title={{Convex optimization}},
  author={Boyd, Stephen Poythress and Vandenberghe, Lieven},
  year={2004},
  publisher={Cambridge university press}
}

@article{wmmse_shi,
    author={Qingjiang Shi and Razaviyayn, M. and Zhi-Quan Luo and Chen He},
    journal={IEEE Transactions on Signal Processing},
    title={{An Iteratively Weighted MMSE Approach to Distributed Sum-Utility Maximization for a MIMO Interfering Broadcast Channel}},
    year={2011},
    month={sept.},
    volume={59},
    number={9},
    pages={4331-4340},
    doi={10.1109/TSP.2011.2147784},
    ISSN={1053-587X},
    publisher={IEEE}
}

@article{qps_cioffi,
author={Kibeom Seong and Narasimhan, R. and Cioffi, J.M.},
journal={IEEE Journal on Selected Areas in Communications},
title={{Queue proportional scheduling via geometric programming in fading broadcast channels}},
year={2006},
volume={24},
number={8},
pages={1593-1602},
doi={10.1109/JSAC.2006.879404},
ISSN={0733-8716},}

@article{berry2004cross,
  title={{Cross-layer wireless resource allocation}},
  author={Berry, Randall A and Yeh, Edmund M},
  journal={IEEE Signal Processing Magazine},
  volume={21},
  number={5},
  pages={59--68},
  year={2004},
  publisher={IEEE}
}

@article{razaviyayn2013unified,
  title={{A Unified Convergence Analysis of Block Successive Minimization Methods for Nonsmooth Optimization}},
  author={Razaviyayn, Meisam and Hong, Mingyi and Luo, Zhi-Quan},
  journal={SIAM Journal on Optimization},
  volume={23},
  number={2},
  pages={1126--1153},
  year={2013},
  publisher={SIAM}
}

@article{pennanen2011decentralized,
  title={{Decentralized coordinated downlink beamforming via primal decomposition}},
  author={Pennanen, Harri and T{\"o}lli, Antti and Latva-Aho, Matti},
  journal={IEEE Signal Processing Letters},
  volume={18},
  number={11},
  pages={647--650},
  year={2011},
  publisher={IEEE}
}

@article{tolli2011decentralized,
  title={{Decentralized minimum power multi-cell beamforming with limited backhaul signaling}},
  author={T{\"o}lli, Antti and Pennanen, Harri and Komulainen, Petri},
  journal={IEEE Transactions on Wireless Communications},
  volume={10},
  number={2},
  pages={570--580},
  year={2011},
  publisher={IEEE}
}

@article{palomar2006tutorial,
  title={{A tutorial on decomposition methods for network utility maximization}},
  author={Palomar, Daniel P{\'e}rez and Chiang, Mung},
  journal={IEEE Journal on Selected Areas in Communications},
  volume={24},
  number={8},
  pages={1439--1451},
  year={2006},
  publisher={IEEE}
}

@book{bertsekas1999nonlinear,
    author = {Bertsekas, Dimitri P.},
    edition = {2nd},
    howpublished = {Hardcover},
    isbn = {1886529000},
    keywords = {nonlinear-programming, optimization},
    month = {sep},
    posted-at = {2008-02-29 18:51:58},
    priority = {0},
    publisher = {Athena Scientific},
    title = {{Nonlinear Programming}},
    year = {1999}
}

@article{komulainen2013effective,
author={Komulainen, P. and T{\"o}lli, A. and Juntti, M.},
journal={IEEE Transactions on Signal Processing},
title={{Effective CSI Signaling and Decentralized Beam Coordination in TDD Multi-Cell MIMO Systems}},
year={2013},
volume={61},
number={9},
pages={2204-2218},
doi={10.1109/TSP.2013.2247597},
ISSN={1053-587X},}

@book{georgiadis2006resource,
  title={{Resource allocation and cross-layer control in wireless networks}},
  author={Georgiadis, Leonidas and Neely, Michael J and Tassiulas, Leandros},
  year={2006},
  publisher={Now Publishers Inc}
}

@article{scutari,
author={Scutari, G. and Facchinei, F. and Peiran Song and Palomar, D.P. and Jong-Shi Pang},
journal={IEEE Transactions on Signal Processing},
title={{Decomposition by Partial Linearization: Parallel Optimization of Multi-Agent Systems}},
year={2014},
month={Feb},
volume={62},
number={3},
pages={641-656},
ISSN={1053-587X},}

@article{boyd2011distributed,
  title={{Distributed optimization and statistical learning via the alternating direction method of multipliers}},
  author={Boyd, Stephen and Parikh, Neal and Chu, Eric and Peleato, Borja and Eckstein, Jonathan},
  journal={Foundations and Trends{\textregistered} in Machine Learning},
  volume={3},
  number={1},
  pages={1--122},
  year={2011},
  publisher={Now Publishers Inc.}
}

@article{sin_algorithm,
author={Ng, C.T.K. and Huang, H.},
journal={IEEE Journal on Selected Areas in Communications},
title={{Linear Precoding in Cooperative MIMO Cellular Networks with Limited Coordination Clusters}},
year={2010},
month={December},
volume={28},
number={9},
pages={1446-1454},
doi={10.1109/JSAC.2010.101206},
ISSN={0733-8716},}

@article{weeraddana2011resource,
  title={{Resource allocation for cross-layer utility maximization in wireless networks}},
  author={Weeraddana, Pradeep Chathuranga and Codreanu, Marian and Latva-aho, Matti and Ephremides, Anthony},
  journal={IEEE Transactions on Vehicular Technology},
  volume={60},
  number={6},
  pages={2790--2809},
  year={2011},
  publisher={IEEE}
}

@article{tassiulas,
author={Tassiulas, L. and Ephremides, Anthony},
journal={IEEE Transactions on Automatic Control},
title={{Stability properties of constrained queueing systems and scheduling policies for maximum throughput in multihop radio networks}},
year={1992},
month={Dec},
volume={37},
number={12},
pages={1936-1948},
doi={10.1109/9.182479},
ISSN={0018-9286},}

@article{marks1978technical,
  title={{A General Inner Approximation Algorithm for Nonconvex Mathematical Programs}},
  author={Marks, Barry R and Wright, Gordon P},
  journal={Operations Research},
  volume={26},
  number={4},
  pages={681--683},
  year={1978},
  publisher={INFORMS}
}

@article{mse_duality,
author={Shuying Shi and Schubert, M. and Boche, H.},
journal={IEEE Transactions on Signal Processing},
title={{Downlink MMSE Transceiver Optimization for Multiuser MIMO Systems: Duality and Sum-MSE Minimization}},
year={2007},
month={Nov},
volume={55},
number={11},
pages={5436-5446},
doi={10.1109/TSP.2007.899283},
ISSN={1053-587X},}

@article{viswanath1999optimal,
  title={{Optimal sequences, power control, and user capacity of synchronous CDMA systems with linear MMSE multiuser receivers}},
  author={Viswanath, Pramod and Anantharam, Venkat and Tse, David N. C.},
  journal={IEEE Transactions on Information Theory},
  volume={45},
  number={6},
  pages={1968--1983},
  year={1999},
  publisher={IEEE}
}

@article{xu2013block,
  title={{A block coordinate descent method for regularized multiconvex optimization with applications to nonnegative tensor factorization and completion}},
  author={Xu, Yangyang and Yin, Wotao},
  journal={SIAM Journal on Imaging Sciences},
  volume={6},
  number={3},
  pages={1758--1789},
  year={2013},
  publisher={SIAM}
}

@article{hong2012decomposition,
	title={{Decomposition by successive convex approximation: A unifying approach for linear transceiver design in interfering heterogeneous networks}},
	author={Hong, Mingyi and Li, Qiang and Liu, Ya-Feng and Luo, Zhi-Quan},
	journal={arXiv preprint arXiv:1210.1507},
	year={2012}
}

@inproceedings{kaleva2013decentralized,
	title={{Decentralized beamforming for weighted sum rate maximization with rate constraints}},
	author={Kaleva, Jarkko and Tolli, Antti and Juntti, Markku},
	booktitle={IEEE 24th International Symposium on Personal, Indoor and Mobile Radio Communications (PIMRC Workshops)},
	pages={220--224},
	year={2013},
	organization={IEEE}
}
